@Book{Derp,
	ALTauthor = {Potato},
	ALTeditor = {Woo},
	title = {Derp},
	publisher = {Potatocorp},
	year = {derp},
	OPTkey = {key},
	OPTvolume = {volume},
	OPTnumber = {number},
	OPTseries = {series},
	OPTaddress = {address},
	OPTedition = {edition},
	OPTmonth = {month},
	OPTnote = {note},
	OPTannote = {annote},
}
